A1233285110001        MITRA ARQUIDIOCESANA104CAIXA ECONOMICA FEDE2014122900000104DEB AUTOMA       3494003000030040PP                           000000 
E00106666                 0190013004793656  20141230000000000000100030010666601                                                  000001        0000010
Z00000300000000000000100                                                                                                                       000002 
