A1233285110001        MITRA ARQUIDIOCESANA104CAIXA ECONOMICA FEDE2014121800000104DEB AUTOMA       3494003000030040TT                           000000 
E00105555                 4501001000203397  20141222000000000006000030010555501                                                  000001        0000010
Z00000300000000000006000                                                                                                                       000002 
