A1233285110001        MITRA ARQUIDIOCESANA104CAIXA ECONOMICA FEDE2014121500037404DEB AUTOMA       4166003000035440TT                           000000 
E00800054                 2407001000042273  20141215000000000006000030080005404                                                  000001        0000010
E00800165                 2399001001041635  20141215000000000006000030080016504                                                  000002        0000020
Z00000400000000000012000                                                                                                                       000003 
