A1233285110001        MITRA ARQUIDIOCESANA104CAIXA ECONOMICA FEDE2014121800000204DEB AUTOMA       3494003000030040TT                           000000 
E00105555                 4501001000203397  20141222000000000000100030010555501                                                  000001        0000010
Z00000300000000000000100                                                                                                                       000002 
