A1233285110001        MITRA ARQUIDIOCESANA104CAIXA ECONOMICA FEDE2015010200000204DEB AUTOMA       3494003000030040PP                           000000 
E00107777                 0190013004793656  20150105000000000000500030010777702                                                  000001        0000010
Z00000300000000000000500                                                                                                                       000002 
