A100558               MITRA ARQUIDIOCESANA001BANCO DO BRASIL S.A.2015010200000104DEBITO AUTOMATICO                                                    
E00105555                 347700000006378730201501020000000000005000300000000010555502                                                               0
Z00000300000000000000500                                                                                                                              
