75600000         200108217015060                    04332000000000476000MITRA ARQUIDIOCESANA BRASILIA SICOOB                                  12603202013460000000808100000                                                                     
75600011R01  040 2000108217015060                    0433200000000047600 MITRA ARQUIDIOCESANA BRASILIA                                                                                 000000082603202000000000                                 
7560001300001P 010433200000000047600 000000101001011     10 2200000000000010127/03/202000000000000500000000 02N2603202000000000000000000000000000000000000000000000000000000000000000000000000000000000000000000000000000001013000   090000000000 
7560001300002Q 011000079080324787LUIZ ALBERTO DE SOUZA SOARES            AVENDA 20 NORTE, LOTE 2 APARTAMENTO 902 AGUAS CLARAS   71900000BRASILIA       DF0000000000000000                                        000                            
7560001300003R 01000000000000000000000000000000000000000000000000000000000000000000000000                                                                                                              0000000000000000 000000000000  0         
7560001300004P 010433200000000047600 000000102702011     10 2200000000000010221/04/202000000000000500000000 02N2603202000000000000000000000000000000000000000000000000000000000000000000000000000000000000000000000000000001023000   090000000000 
7560001300005Q 011000079080324787LUIZ ALBERTO DE SOUZA SOARES            AVENDA 20 NORTE, LOTE 2 APARTAMENTO 902 AGUAS CLARAS   71900000BRASILIA       DF0000000000000000                                        000                            
7560001300006R 01000000000000000000000000000000000000000000000000000000000000000000000000                                                                                                              0000000000000000 000000000000  0         
7560001300007P 010433200000000047600 000000103403011     10 2200000000000010327/05/202000000000000500000000 02N2603202000000000000000000000000000000000000000000000000000000000000000000000000000000000000000000000000000001033000   090000000000 
7560001300008Q 011000079080324787LUIZ ALBERTO DE SOUZA SOARES            AVENDA 20 NORTE, LOTE 2 APARTAMENTO 902 AGUAS CLARAS   71900000BRASILIA       DF0000000000000000                                        000                            
7560001300009R 01000000000000000000000000000000000000000000000000000000000000000000000000                                                                                                              0000000000000000 000000000000  0         
7560001300010P 010433200000000047600 000000104104011     10 2200000000000010423/06/202000000000000500000000 02N2603202000000000000000000000000000000000000000000000000000000000000000000000000000000000000000000000000000001043000   090000000000 
7560001300011Q 011000079080324787LUIZ ALBERTO DE SOUZA SOARES            AVENDA 20 NORTE, LOTE 2 APARTAMENTO 902 AGUAS CLARAS   71900000BRASILIA       DF0000000000000000                                        000                            
7560001300012R 01000000000000000000000000000000000000000000000000000000000000000000000000                                                                                                              0000000000000000 000000000000  0         
7560001300013P 010433200000000047600 000000105905011     10 2200000000000010522/07/202000000000000500000000 02N2603202000000000000000000000000000000000000000000000000000000000000000000000000000000000000000000000000000001053000   090000000000 
7560001300014Q 011000079080324787LUIZ ALBERTO DE SOUZA SOARES            AVENDA 20 NORTE, LOTE 2 APARTAMENTO 902 AGUAS CLARAS   71900000BRASILIA       DF0000000000000000                                        000                            
7560001300015R 01000000000000000000000000000000000000000000000000000000000000000000000000                                                                                                              0000000000000000 000000000000  0         
7560001300016P 010433200000000047600 000000106606011     10 2200000000000010625/08/202000000000000500000000 02N2603202000000000000000000000000000000000000000000000000000000000000000000000000000000000000000000000000000001063000   090000000000 
7560001300017Q 011000079080324787LUIZ ALBERTO DE SOUZA SOARES            AVENDA 20 NORTE, LOTE 2 APARTAMENTO 902 AGUAS CLARAS   71900000BRASILIA       DF0000000000000000                                        000                            
7560001300018R 01000000000000000000000000000000000000000000000000000000000000000000000000                                                                                                              0000000000000000 000000000000  0         
7560001300019P 010433200000000047600 000000107307011     10 2200000000000010723/09/202000000000000500000000 02N2603202000000000000000000000000000000000000000000000000000000000000000000000000000000000000000000000000000001073000   090000000000 
7560001300020Q 011000079080324787LUIZ ALBERTO DE SOUZA SOARES            AVENDA 20 NORTE, LOTE 2 APARTAMENTO 902 AGUAS CLARAS   71900000BRASILIA       DF0000000000000000                                        000                            
7560001300021R 01000000000000000000000000000000000000000000000000000000000000000000000000                                                                                                              0000000000000000 000000000000  0         
7560001300022P 010433200000000047600 000000108008011     10 2200000000000010820/10/202000000000000500000000 02N2603202000000000000000000000000000000000000000000000000000000000000000000000000000000000000000000000000000001083000   090000000000 
7560001300023Q 011000079080324787LUIZ ALBERTO DE SOUZA SOARES            AVENDA 20 NORTE, LOTE 2 APARTAMENTO 902 AGUAS CLARAS   71900000BRASILIA       DF0000000000000000                                        000                            
7560001300024R 01000000000000000000000000000000000000000000000000000000000000000000000000                                                                                                              0000000000000000 000000000000  0         
7560001300025P 010433200000000047600 000000109809011     10 2200000000000010925/11/202000000000000500000000 02N2603202000000000000000000000000000000000000000000000000000000000000000000000000000000000000000000000000000001093000   090000000000 
7560001300026Q 011000079080324787LUIZ ALBERTO DE SOUZA SOARES            AVENDA 20 NORTE, LOTE 2 APARTAMENTO 902 AGUAS CLARAS   71900000BRASILIA       DF0000000000000000                                        000                            
7560001300027R 01000000000000000000000000000000000000000000000000000000000000000000000000                                                                                                              0000000000000000 000000000000  0         
75600015         00002900000900000000000045000000000000000000000000000000000000000000000000000000000000000000000000                                                                                                                             
75699999         000001000031000000                                                                                                                                                                                                             
