75600000         200108217015060                    04332000000000476000MITRA ARQUIDIOCESANA BRASILIA SICOOB                                  11603202017200000000608100000                                                                     
75600011R01  040 2000108217015060                    0433200000000047600 MITRA ARQUIDIOCESANA BRASILIA                                                                                 000000061603202000000000                                 
7560001300001P 010433200000000047600 000000110610011     10 220000000000001102112202000000000000500000000 02N1603202000000000000000000000000000000000000000000000000000000000000000000000000000000000000000000000000000001103000   090000000000 
7560001300002Q 011000079080324787LUIZ ALBERTO DE SOUZA SOARES            AVENDA 20 NORTE, LOTE 2 APARTAMENTO 902 AGUAS CLARAS   71900000BRASILIA       DF0000000000000000                                        000                            
7560001300003R 01000000000000000000000000000000000000000000000000000000000000000000000000                                                                                                              0000000000000000 000000000000  0         
75600015         00000500000100000000000005000000000000000000000000000000000000000000000000000000000000000000000000                                                                                                                             
75699999         000001000007000000                                                                                                                                                                                                             
