00100000         2001082170111540011392830014       0473330000000120006 MITRA ARQUIDIOCESANA DE BRASILBANCO DO BRASIL                         23108201201303900184203000000912712205PROCESSAMEN                                                 
00100011T0100020 20001082170111540011392830014       0473330000000120006 MITRA ARQUIDIOCESANA DE BRASIL                                                                                000000003108201200000000  000000000                      
0010001300001T 060473330000000120006 11392830070009207   1               00000000000000000005500070008450                         0900000000000000000000000000000000000000000000000000000   000000000000000000000020100        180191139283     
0010001300002U 060000000000000000000000000000000000000000000000000000000000000000000000055000000000000052990000000000000000000000000000003108201204092012            000000000000000                              000                           
0010001300003T 060473330000000120006 11392830070009208   1               00000000000000000005500070008450                         0900000000000000000000000000000000000000000000000000000   000000000000000000000020100        180191139283     
0010001300004U 060000000000000000000000000000000000000000000000000000000000000000000000055000000000000052990000000000000000000000000000003108201204092012            000000000000000                              000                           
0010001300005T 060473330000000120006 11392830070009209   1               00000000000000000005500070008450                         0900000000000000000000000000000000000000000000000000000   000000000000000000000020100        180191139283     
0010001300006U 060000000000000000000000000000000000000000000000000000000000000000000000055000000000000052990000000000000000000000000000003108201204092012            000000000000000                              000                           
0010001300007T 060473330000000120006 11392830070009210   1               00000000000000000005500070008450                         0900000000000000000000000000000000000000000000000000000   000000000000000000000020100        180191139283     
0010001300008U 060000000000000000000000000000000000000000000000000000000000000000000000055000000000000052990000000000000000000000000000003108201204092012            000000000000000                              000                           
0010001300009T 060473330000000120006 11392830070009211   1               00000000000000000005500070008450                         0900000000000000000000000000000000000000000000000000000   000000000000000000000020100        180191139283     
0010001300010U 060000000000000000000000000000000000000000000000000000000000000000000000055000000000000052990000000000000000000000000000003108201204092012            000000000000000                              000                           
0010001300011T 060473330000000120006 11392830070009212   1               00000000000000000005500070008450                         0900000000000000000000000000000000000000000000000000000   000000000000000000000020100        180191139283     
0010001300012U 060000000000000000000000000000000000000000000000000000000000000000000000055000000000000052990000000000000000000000000000003108201204092012            000000000000000                              000                           
0010001300013T 060473330000000120006 11392830070093004   1               00000000000000000005500237002410                         0900000000000000000000000000000000000000000000000000000   000000000000000000000020100        180191139283     
0010001300014U 060000000000000000000000000000000000000000000000000000000000000000000000055000000000000052990000000000000000000000000000003108201204092012            000000000000000                              000                           
0010001300015T 060473330000000120006 11392830070104304   1               00000000000000000005500070000660                         0900000000000000000000000000000000000000000000000000000   000000000000000000000020100        180191139283     
0010001300016U 060000000000000000000000000000000000000000000000000000000000000000000000055000000000000052990000000000000000000000000000003108201204092012            000000000000000                              000                           
0010001300017T 060473330000000120006 11392830070108204   1               00000000000000000005500070005200                         0900000000000000000000000000000000000000000000000000000   000000000000000000000020100        180191139283     
0010001300018U 060000000000000000000000000000000000000000000000000000000000000000000000055000000000000052990000000000000000000000000000003108201204092012            000000000000000                              000                           
0010001300019T 060473330000000120006 11392830070125902   1               00000000000000000005500001015075                         0900000000000000000000000000000000000000000000000000000   000000000000000000000020100        180191139283     
0010001300020U 060000000000000000000000000000000000000000000000000000000000000000000000055000000000000052990000000000000000000000000000003108201204092012            000000000000000                              000                           
0010001300021T 060473330000000120006 11392830070126304   1               00000000000000000005500001035939                         0900000000000000000000000000000000000000000000000000000   000000000000000000000020100        180191139283     
0010001300022U 060000000000000000000000000000000000000000000000000000000000000000000000055000000000000052990000000000000000000000000000003108201204092012            000000000000000                              000                           
0010001300023T 060473330000000120006 11392830070127203   1               00000000000000000005500001015075                         0900000000000000000000000000000000000000000000000000000   000000000000000000000020100        180191139283     
0010001300024U 060000000000000000000000000000000000000000000000000000000000000000000000055000000000000052990000000000000000000000000000003108201204092012            000000000000000                              000                           
0010001300025T 060473330000000120006 11392830070127502   1               00000000000000000005500001015075                         0900000000000000000000000000000000000000000000000000000   000000000000000000000020100        180191139283     
0010001300026U 060000000000000000000000000000000000000000000000000000000000000000000000055000000000000052990000000000000000000000000000003108201204092012            000000000000000                              000                           
0010001300027T 060473330000000120006 11392830070127602   1               00000000000000000005500001015075                         0900000000000000000000000000000000000000000000000000000   000000000000000000000020100        180191139283     
0010001300028U 060000000000000000000000000000000000000000000000000000000000000000000000055000000000000052990000000000000000000000000000003108201204092012            000000000000000                              000                           
0010001300029T 060473330000000120006 11392830070146704   1               00000000000000000005500104024580                         0900000000000000000000000000000000000000000000000000000   000000000000000000000020100        180191139283     
0010001300030U 060000000000000000000000000000000000000000000000000000000000000000000000055000000000000052990000000000000000000000000000003108201204092012            000000000000000                              000                           
0010001300031T 060473330000000120006 11392830070147304   1               00000000000000000005500033044060                         0900000000000000000000000000000000000000000000000000000   000000000000000000000020100        180191139283     
0010001300032U 060000000000000000000000000000000000000000000000000000000000000000000000055000000000000052990000000000000000000000000000003108201204092012            000000000000000                              000                           
0010001300033T 060473330000000120006 11392830070147305   1               00000000000000000005500033044060                         0900000000000000000000000000000000000000000000000000000   000000000000000000000020100        180191139283     
0010001300034U 060000000000000000000000000000000000000000000000000000000000000000000000055000000000000052990000000000000000000000000000003108201204092012            000000000000000                              000                           
0010001300035T 060473330000000120006 11392830070147306   1               00000000000000000005500033044060                         0900000000000000000000000000000000000000000000000000000   000000000000000000000020100        180191139283     
0010001300036U 060000000000000000000000000000000000000000000000000000000000000000000000055000000000000052990000000000000000000000000000003108201204092012            000000000000000                              000                           
0010001300037T 060473330000000120006 11392830070372603   1               00000000000000000005500001010227                         0900000000000000000000000000000000000000000000000000000   000000000000000000000020100        180191139283     
0010001300038U 060000000000000000000000000000000000000000000000000000000000000000000000055000000000000052990000000000000000000000000000003108201204092012            000000000000000                              000                           
0010001300039T 060473330000000120006 11392830070389305   1               00000000000000000005500104023990                         0900000000000000000000000000000000000000000000000000000   000000000000000000000020100        180191139283     
0010001300040U 060000000000000000000000000000000000000000000000000000000000000000000000055000000000000052990000000000000000000000000000003108201204092012            000000000000000                              000                           
0010001300041T 060473330000000120006 11392830070457501   1               00000000000000000005500001015075                         0900000000000000000000000000000000000000000000000000000   000000000000000000000020100        180191139283     
0010001300042U 060000000000000000000000000000000000000000000000000000000000000000000000055000000000000052990000000000000000000000000000003108201204092012            000000000000000                              000                           
0010001300043T 060473330000000120006 11392830070458601   1               00000000000000000005500001012300                         0900000000000000000000000000000000000000000000000000000   000000000000000000000020100        180191139283     
0010001300044U 060000000000000000000000000000000000000000000000000000000000000000000000055000000000000052990000000000000000000000000000003108201204092012            000000000000000                              000                           
0010001300045T 060473330000000120006 11392830070458602   1               00000000000000000005500001012300                         0900000000000000000000000000000000000000000000000000000   000000000000000000000020100        180191139283     
0010001300046U 060000000000000000000000000000000000000000000000000000000000000000000000055000000000000052990000000000000000000000000000003108201204092012            000000000000000                              000                           
0010001300047T 060473330000000120006 11392830070458603   1               00000000000000000005500001012300                         0900000000000000000000000000000000000000000000000000000   000000000000000000000020100        180191139283     
0010001300048U 060000000000000000000000000000000000000000000000000000000000000000000000055000000000000052990000000000000000000000000000003108201204092012            000000000000000                              000                           
00100015         000050000000000000000000000000000000000000000000000000000000000000000000000000000000000000000000000000000000000000000000000000000                                                                                              
00199999         000001000052000000                                                                                                                                                            00000000000000000000000000000                    
