00100000         2001082170111540025231640014       0473330000000210005 MITRA ARQUIDIOCESANA DE BRASILBANCO DO BRASIL                         21810201301331200013603000000912712205PROCESSAMEN                                                 
00100011T0100020 20001082170111540025231640014       0473330000000210005 MITRA ARQUIDIOCESANA DE BRASIL                                                                                000000001810201300000000  000000000                      
0010001300001T 060473330000000210005 25231640001000605   1               00000000000000000025000104034940                         0900000000000000000000000000000000000000000000000000000   000000000000000000000021500        180192523164     
0010001300002U 060000000000000000000000000000000000000000000000000000000000000000000000250000000000000247850000000000000000000000000000001810201322102013            000000000000000                              000                           
00100015         000004000000000000000000000000000000000000000000000000000000000000000000000000000000000000000000000000000000000000000000000000000                                                                                              
00199999         000001000006000000                                                                                                                                                            00000000000000000000000000000                    
