75600000         200108217015060                    04332000000000476000MITRA ARQUIDIOCESANA DE BRASILSICOOB                                  23101202009420400000208500000                                                                     
75600011T01  043 2000108217015060          433200000504332000000000476000MITRA ARQUIDIOCESANA DE BRASIL                                                                                000000003101202000000000                                 
7560001300001T 0604332000000000476000000000101001011     1000000000000101310120200000000000020000010347700000000000000000000000101091000079080324787Luiz Alberto de Souza Soares            00000000000000000000002490000000004                 
7560001300002U 060000000000000000000000000000000000000000000000000000000000000000000000020000000000000020000000000000000000000000000000003001202000000000    00000000000000000000000                        73333775600000000000000000000       
7560001300003T 0604332000000000476000000000201101011     1000000000000201310120200000000000020000010347700000000000000000000000201091000082095728734Regina Celia Santana da Silva Soares    00000000000000000000002490000000004                 
7560001300004U 060000000000000000000000000000000000000000000000000000000000000000000000020000000000000020000000000000000000000000000000003001202000000000    00000000000000000000000                        73352475600000000000000000000       
75600015         00000600000200000000000004000000000000000000000000000000000000000000000000000000000000000000000000                                                                                                                             
75699999         000001000008000000                                                                                                                                                                                                             
