75600000         200108217015060                    04332000000000476000MITRA ARQUIDIOCESANA DE BRASILSICOOB                                  21603202015102900000308500000                                                                     
75600011T01  043 2000108217015060          433200000504332000000000476000MITRA ARQUIDIOCESANA DE BRASIL                                                                                000000001603202000000000                                 
7560001300001T 0604332000000000476000000002401301011     1000000000002401250320200000000000050000700052500000000000000000000002401091000047785942153CLAUDIA VENTURELLI DELMONDES            00000000000000000000002490000000004                 
7560001300002U 060000000000000000000000000000000000000000000000000000000000000000000000050000000000000050000000000000000000000000000000001103202013032020    00000000000000000000000                        79041775600000000000000000000       
7560001300003T 0604332000000000476000000002402002011     1000000000002402220420200000000000050000700052500000000000000000000002402091000047785942153CLAUDIA VENTURELLI DELMONDES            00000000000000000000002490000000004                 
7560001300004U 060000000000000000000000000000000000000000000000000000000000000000000000050000000000000050000000000000000000000000000000001103202013032020    00000000000000000000000                        79042075600000000000000000000       
75600015         00000600000200000000000010000000000000000000000000000000000000000000000000000000000000000000000000                                                                                                                             
75699999         000001000008000000                                                                                                                                                                                                             
