00100000         2001082170150600026959110014       0473330000000188204 MITRA ARQUIDIOCESANA DE BRASILBANCO DO BRASIL                         22402201601211600062703000000513146016PROCESSAMEN                                                 
00100011T0100020 20001082170150600026959110014       0473330000000188204 MITRA ARQUIDIOCESANA DE BRASIL                                                                                000000002402201600000000  000000000                      
0010001300001T 060473330000000188204 26959110010006801   1               00000000000000000010000104000080                         0900000000000010000000000000000000000000000000000000000   000000000000000000000021500        180192695911     
0010001300002U 060000000000000000000000000000000000000000000000000000000000000000000000100000000000000097850000000000000000000000000000002402201626022016            000000000000000                              000                           
0010001300003T 060473330000000188204 26959110010013701   1               00000000000000000003000104010390                         0900000000000010000000000000000000000000000000000000000   000000000000000000000021500        180192695911     
0010001300004U 060000000000000000000000000000000000000000000000000000000000000000000000030000000000000027850000000000000000000000000000002402201626022016            000000000000000                              000                           
0010001300005T 060473330000000188204 26959110010020501   1               00000000000000000004000104034940                         0900000000000010000000000000000000000000000000000000000   000000000000000000000021500        180192695911     
0010001300006U 060000000000000000000000000000000000000000000000000000000000000000000000040000000000000037850000000000000000000000000000002402201626022016            000000000000000                              000                           
00100015         000008000000000000000000000000000000000000000000000000000000000000000000000000000000000000000000000000000000000000000000000000000                                                                                              
00199999         000001000010000000                                                                                                                                                            00000000000000000000000000000                    
