00100000         2001082170150600026959110014       0473330000000188204 MITRA ARQUIDIOCESANA DE BRASILBANCO DO BRASIL                         22202201602284100062303000000513146016PROCESSAMEN                                                 
00100011T0100020 20001082170150600026959110014       0473330000000188204 MITRA ARQUIDIOCESANA DE BRASIL                                                                                000000002202201600000000  000000000                      
0010001300001T 060473330000000188204 26959110010011101   1               00000000000000000003000104022300                         0900000000000010000000000000000000000000000000000000000   000000000000000000000021500        180192695911     
0010001300002U 060000000000000000000000000000000000000000000000000000000000000000000000030000000000000027850000000000000000000000000000002202201624022016            000000000000000                              000                           
0010001300003T 060473330000000188204 26959110010017801   1               00000000000000000020000001055603                         0900000000000010000000000000000000000000000000000000000   000000000000000000000021500        180192695911     
0010001300004U 060000000000000000000000000000000000000000000000000000000000000000000000200000000000000197850000000000000000000000000000002202201624022016            000000000000000                              000                           
0010001300005T 060473330000000188204 26959110010021201   1               00000000000000000007000001034762                         0900000000000010000000000000000000000000000000000000000   000000000000000000000021500        180192695911     
0010001300006U 060000000000000000000000000000000000000000000000000000000000000000000000070000000000000067850000000000000000000000000000002202201624022016            000000000000000                              000                           
0010001300007T 060473330000000188204 26959110010030801   1               00000000000000000003000104006640                         0900000000000010000000000000000000000000000000000000000   000000000000000000000021500        180192695911     
0010001300008U 060000000000000000000000000000000000000000000000000000000000000000000000030000000000000027850000000000000000000000000000002202201624022016            000000000000000                              000                           
0010001300009T 060473330000000188204 26959110010031101   1               00000000000000000004000237012280                         0900000000000010000000000000000000000000000000000000000   000000000000000000000021500        180192695911     
0010001300010U 060000000000000000000000000000000000000000000000000000000000000000000000040000000000000037850000000000000000000000000000002202201624022016            000000000000000                              000                           
0010001300011T 060473330000000188204 26959110010033901   1               00000000000000000003000104023990                         0900000000000010000000000000000000000000000000000000000   000000000000000000000021500        180192695911     
0010001300012U 060000000000000000000000000000000000000000000000000000000000000000000000030000000000000027850000000000000000000000000000002202201624022016            000000000000000                              000                           
00100015         000014000000000000000000000000000000000000000000000000000000000000000000000000000000000000000000000000000000000000000000000000000                                                                                              
00199999         000001000016000000                                                                                                                                                            00000000000000000000000000000                    
