00100000         2001082170150600026959110014       0473330000000188204 MITRA ARQUIDIOCESANA DE BRASILBANCO DO BRASIL                         21802201601255600061903000000513146016PROCESSAMEN                                                 
00100011T0100020 20001082170150600026959110014       0473330000000188204 MITRA ARQUIDIOCESANA DE BRASIL                                                                                000000001802201600000000  000000000                      
0010001300001T 060473330000000188204 26959110010018301   1               00000000000000000003000001048119                         0900000000000010000000000000000000000000000000000000000   000000000000000000000021500        180192695911     
0010001300002U 060000000000000000000000000000000000000000000000000000000000000000000000030000000000000027850000000000000000000000000000001802201622022016            000000000000000                              000                           
0010001300003T 060473330000000188204 26959110010024401   1               00000000000000000003000070006760                         0900000000000010000000000000000000000000000000000000000   000000000000000000000021500        180192695911     
0010001300004U 060000000000000000000000000000000000000000000000000000000000000000000000030000000000000027850000000000000000000000000000001802201622022016            000000000000000                              000                           
0010001300005T 060473330000000188204 26959110010038101   1               00000000000000000003000001036005                         0900000000000010000000000000000000000000000000000000000   000000000000000000000021500        180192695911     
0010001300006U 060000000000000000000000000000000000000000000000000000000000000000000000030000000000000027850000000000000000000000000000001802201622022016            000000000000000                              000                           
00100015         000008000000000000000000000000000000000000000000000000000000000000000000000000000000000000000000000000000000000000000000000000000                                                                                              
00199999         000001000010000000                                                                                                                                                            00000000000000000000000000000                    
