00100000         2001082170150600026959110014       0473330000000188204 MITRA ARQUIDIOCESANA DE BRASILBANCO DO BRASIL                         20912201401263300004103000000513146016PROCESSAMEN                                                 
00100011T0100020 20001082170150600026959110014       0473330000000188204 MITRA ARQUIDIOCESANA DE BRASIL                                                                                000000000912201400000000  000000000                      
0010001300001T 060473330000000188204 26959110010001201   1               00000000000000000006000070006670                         0900000000000010000000000000000000000000000000000000000   000000000000000000000021500        180192695911     
0010001300002U 060000000000000000000000000000000000000000000000000000000000000000000000060000000000000057850000000000000000000000000000000912201411122014            000000000000000                              000                           
0010001300003T 060473330000000188204 26959110010005501   1               00000000000000000006000341005700                         0900000000000010000000000000000000000000000000000000000   000000000000000000000021500        180192695911     
0010001300004U 060000000000000000000000000000000000000000000000000000000000000000000000060000000000000057850000000000000000000000000000000912201411122014            000000000000000                              000                           
0010001300005T 060473330000000188204 26959110010011301   1               00000000000000000006000001034762                         0900000000000010000000000000000000000000000000000000000   000000000000000000000021500        180192695911     
0010001300006U 060000000000000000000000000000000000000000000000000000000000000000000000060000000000000057850000000000000000000000000000000912201411122014            000000000000000                              000                           
0010001300007T 060473330000000188204 26959110010014601   1               00000000000000000006000399008960                         0900000000000010000000000000000000000000000000000000000   000000000000000000000021500        180192695911     
0010001300008U 060000000000000000000000000000000000000000000000000000000000000000000000060000000000000057850000000000000000000000000000000912201411122014            000000000000000                              000                           
0010001300009T 060473330000000188204 26959110010014901   1               00000000000000000006000104001730                         0900000000000010000000000000000000000000000000000000000   000000000000000000000021500        180192695911     
0010001300010U 060000000000000000000000000000000000000000000000000000000000000000000000060000000000000057850000000000000000000000000000000912201411122014            000000000000000                              000                           
0010001300011T 060473330000000188204 26959110010028201   1               00000000000000000006000070001060                         0900000000000010000000000000000000000000000000000000000   000000000000000000000021500        180192695911     
0010001300012U 060000000000000000000000000000000000000000000000000000000000000000000000060000000000000057850000000000000000000000000000000912201411122014            000000000000000                              000                           
0010001300013T 060473330000000188204 26959110010028301   1               00000000000000000006000104014310                         0900000000000010000000000000000000000000000000000000000   000000000000000000000021500        180192695911     
0010001300014U 060000000000000000000000000000000000000000000000000000000000000000000000060000000000000057850000000000000000000000000000000912201411122014            000000000000000                              000                           
0010001300015T 060473330000000188204 26959110010035300   1               00000000000000000064800341065570                         0900000000000010000000000000000000000000000000000000000   000000000000000000000021500        180192695911     
0010001300016U 060000000000000000000000000000000000000000000000000000000000000000000000648000000000000645850000000000000000000000000000000912201411122014            000000000000000                              000                           
0010001300017T 060473330000000188204 26959110010040101   1               00000000000000000006000001086185                         0900000000000010000000000000000000000000000000000000000   000000000000000000000021500        180192695911     
0010001300018U 060000000000000000000000000000000000000000000000000000000000000000000000060000000000000057850000000000000000000000000000000912201411122014            000000000000000                              000                           
0010001300019T 060473330000000188204 26959110010040201   1               00000000000000000006000001086185                         0900000000000010000000000000000000000000000000000000000   000000000000000000000021500        180192695911     
0010001300020U 060000000000000000000000000000000000000000000000000000000000000000000000060000000000000057850000000000000000000000000000000912201411122014            000000000000000                              000                           
0010001300021T 060473330000000188204 26959110010040901   1               00000000000000000006000001047333                         0900000000000010000000000000000000000000000000000000000   000000000000000000000021500        180192695911     
0010001300022U 060000000000000000000000000000000000000000000000000000000000000000000000060000000000000057850000000000000000000000000000000912201411122014            000000000000000                              000                           
0010001300023T 060473330000000188204 26959110010041401   1               00000000000000000006000104039210                         0900000000000010000000000000000000000000000000000000000   000000000000000000000021500        180192695911     
0010001300024U 060000000000000000000000000000000000000000000000000000000000000000000000060000000000000057850000000000000000000000000000000912201411122014            000000000000000                              000                           
0010001300025T 060473330000000188204 26959110010041500   1               00000000000000000064800104019900                         0900000000000010000000000000000000000000000000000000000   000000000000000000000021500        180192695911     
0010001300026U 060000000000000000000000000000000000000000000000000000000000000000000000648000000000000645850000000000000000000000000000000912201411122014            000000000000000                              000                           
0010001300027T 060473330000000188204 26959110010041701   1               00000000000000000006000001042676                         0900000000000010000000000000000000000000000000000000000   000000000000000000000021500        180192695911     
0010001300028U 060000000000000000000000000000000000000000000000000000000000000000000000060000000000000057850000000000000000000000000000000912201411122014            000000000000000                              000                           
0010001300029T 060473330000000188204 26959110010044801   1               00000000000000000006000001042676                         0900000000000010000000000000000000000000000000000000000   000000000000000000000021500        180192695911     
0010001300030U 060000000000000000000000000000000000000000000000000000000000000000000000060000000000000057850000000000000000000000000000000912201411122014            000000000000000                              000                           
0010001300031T 060473330000000188204 26959110010045001   1               00000000000000000006000341040720                         0900000000000010000000000000000000000000000000000000000   000000000000000000000021500        180192695911     
0010001300032U 060000000000000000000000000000000000000000000000000000000000000000000000060000000000000057850000000000000000000000000000000912201411122014            000000000000000                              000                           
0010001300033T 060473330000000188204 26959110010067801   1               00000000000000000006000070000780                         0900000000000010000000000000000000000000000000000000000   000000000000000000000021500        180192695911     
0010001300034U 060000000000000000000000000000000000000000000000000000000000000000000000060000000000000057850000000000000000000000000000000912201411122014            000000000000000                              000                           
0010001300035T 060473330000000188204 26959110010078101   1               00000000000000000006000070007280                         0900000000000010000000000000000000000000000000000000000   000000000000000000000021500        180192695911     
0010001300036U 060000000000000000000000000000000000000000000000000000000000000000000000060000000000000057850000000000000000000000000000000912201411122014            000000000000000                              000                           
0010001300037T 060473330000000188204 26959110010081001   1               00000000000000000006000104010570                         0900000000000010000000000000000000000000000000000000000   000000000000000000000021500        180192695911     
0010001300038U 060000000000000000000000000000000000000000000000000000000000000000000000060000000000000057850000000000000000000000000000000912201411122014            000000000000000                              000                           
00100015         000040000000000000000000000000000000000000000000000000000000000000000000000000000000000000000000000000000000000000000000000000000                                                                                              
00199999         000001000042000000                                                                                                                                                            00000000000000000000000000000                    
