00100000         2001082170150600026959110014       0473330000000188204 MITRA ARQUIDIOCESANA DE BRASILBANCO DO BRASIL                         21012201401550900004303000000513146016PROCESSAMEN                                                 
00100011T0100020 20001082170150600026959110014       0473330000000188204 MITRA ARQUIDIOCESANA DE BRASIL                                                                                000000001012201400000000  000000000                      
0010001300001T 060473330000000188204 26959110010002701   1               00000000000000000006000033038460                         0900000000000010000000000000000000000000000000000000000   000000000000000000000021500        180192695911     
0010001300002U 060000000000000000000000000000000000000000000000000000000000000000000000060000000000000057850000000000000000000000000000001012201412122014            000000000000000                              000                           
0010001300003T 060473330000000188204 26959110010003901   1               00000000000000000006000756019050                         0900000000000010000000000000000000000000000000000000000   000000000000000000000021500        180192695911     
0010001300004U 060000000000000000000000000000000000000000000000000000000000000000000000060000000000000057850000000000000000000000000000001012201412122014            000000000000000                              000                           
0010001300005T 060473330000000188204 26959110010006701   1               00000000000000000006000070001300                         0900000000000010000000000000000000000000000000000000000   000000000000000000000021500        180192695911     
0010001300006U 060000000000000000000000000000000000000000000000000000000000000000000000060000000000000057850000000000000000000000000000001012201412122014            000000000000000                              000                           
0010001300007T 060473330000000188204 26959110010006801   1               00000000000000000006000070001300                         0900000000000010000000000000000000000000000000000000000   000000000000000000000021500        180192695911     
0010001300008U 060000000000000000000000000000000000000000000000000000000000000000000000060000000000000057850000000000000000000000000000001012201412122014            000000000000000                              000                           
0010001300009T 060473330000000188204 26959110010009201   1               00000000000000000006000033009340                         0900000000000010000000000000000000000000000000000000000   000000000000000000000021500        180192695911     
0010001300010U 060000000000000000000000000000000000000000000000000000000000000000000000060000000000000057850000000000000000000000000000001012201412122014            000000000000000                              000                           
0010001300011T 060473330000000188204 26959110010009202   1               00000000000000000006000033009340                         0900000000000010000000000000000000000000000000000000000   000000000000000000000021500        180192695911     
0010001300012U 060000000000000000000000000000000000000000000000000000000000000000000000060000000000000057850000000000000000000000000000001012201412122014            000000000000000                              000                           
0010001300013T 060473330000000188204 26959110010009203   1               00000000000000000006000033009340                         0900000000000010000000000000000000000000000000000000000   000000000000000000000021500        180192695911     
0010001300014U 060000000000000000000000000000000000000000000000000000000000000000000000060000000000000057850000000000000000000000000000001012201412122014            000000000000000                              000                           
0010001300015T 060473330000000188204 26959110010009401   1               00000000000000000006000033009340                         0900000000000010000000000000000000000000000000000000000   000000000000000000000021500        180192695911     
0010001300016U 060000000000000000000000000000000000000000000000000000000000000000000000060000000000000057850000000000000000000000000000001012201412122014            000000000000000                              000                           
0010001300017T 060473330000000188204 26959110010009402   1               00000000000000000006000033009340                         0900000000000010000000000000000000000000000000000000000   000000000000000000000021500        180192695911     
0010001300018U 060000000000000000000000000000000000000000000000000000000000000000000000060000000000000057850000000000000000000000000000001012201412122014            000000000000000                              000                           
0010001300019T 060473330000000188204 26959110010009403   1               00000000000000000006000033009340                         0900000000000010000000000000000000000000000000000000000   000000000000000000000021500        180192695911     
0010001300020U 060000000000000000000000000000000000000000000000000000000000000000000000060000000000000057850000000000000000000000000000001012201412122014            000000000000000                              000                           
0010001300021T 060473330000000188204 26959110010025401   1               00000000000000000006000033030670                         0900000000000010000000000000000000000000000000000000000   000000000000000000000021500        180192695911     
0010001300022U 060000000000000000000000000000000000000000000000000000000000000000000000060000000000000057850000000000000000000000000000001012201412122014            000000000000000                              000                           
0010001300023T 060473330000000188204 26959110010027201   1               00000000000000000006000070005100                         0900000000000010000000000000000000000000000000000000000   000000000000000000000021500        180192695911     
0010001300024U 060000000000000000000000000000000000000000000000000000000000000000000000060000000000000057850000000000000000000000000000001012201412122014            000000000000000                              000                           
0010001300025T 060473330000000188204 26959110010027401   1               0000000000000000000600000103603X                         0900000000000010000000000000000000000000000000000000000   000000000000000000000021500        180192695911     
0010001300026U 060000000000000000000000000000000000000000000000000000000000000000000000060000000000000057850000000000000000000000000000001012201412122014            000000000000000                              000                           
0010001300027T 060473330000000188204 26959110010028401   1               00000000000000000006000070001240                         0900000000000010000000000000000000000000000000000000000   000000000000000000000021500        180192695911     
0010001300028U 060000000000000000000000000000000000000000000000000000000000000000000000060000000000000057850000000000000000000000000000001012201412122014            000000000000000                              000                           
0010001300029T 060473330000000188204 26959110010029701   1               00000000000000000006000070002520                         0900000000000010000000000000000000000000000000000000000   000000000000000000000021500        180192695911     
0010001300030U 060000000000000000000000000000000000000000000000000000000000000000000000060000000000000057850000000000000000000000000000001012201412122014            000000000000000                              000                           
0010001300031T 060473330000000188204 26959110010030101   1               00000000000000000006000001051977                         0900000000000010000000000000000000000000000000000000000   000000000000000000000021500        180192695911     
0010001300032U 060000000000000000000000000000000000000000000000000000000000000000000000060000000000000057850000000000000000000000000000001012201412122014            000000000000000                              000                           
0010001300033T 060473330000000188204 26959110010032501   1               00000000000000000006000001048828                         0900000000000010000000000000000000000000000000000000000   000000000000000000000021500        180192695911     
0010001300034U 060000000000000000000000000000000000000000000000000000000000000000000000060000000000000057850000000000000000000000000000001012201412122014            000000000000000                              000                           
0010001300035T 060473330000000188204 26959110010035401   1               00000000000000000006000070006330                         0900000000000010000000000000000000000000000000000000000   000000000000000000000021500        180192695911     
0010001300036U 060000000000000000000000000000000000000000000000000000000000000000000000060000000000000057850000000000000000000000000000001012201412122014            000000000000000                              000                           
0010001300037T 060473330000000188204 26959110010035801   1               00000000000000000006000104009740                         0900000000000010000000000000000000000000000000000000000   000000000000000000000021500        180192695911     
0010001300038U 060000000000000000000000000000000000000000000000000000000000000000000000060000000000000057850000000000000000000000000000001012201412122014            000000000000000                              000                           
0010001300039T 060473330000000188204 26959110010036601   1               00000000000000000006000070001130                         0900000000000010000000000000000000000000000000000000000   000000000000000000000021500        180192695911     
0010001300040U 060000000000000000000000000000000000000000000000000000000000000000000000060000000000000057850000000000000000000000000000001012201412122014            000000000000000                              000                           
0010001300041T 060473330000000188204 26959110010037801   1               00000000000000000006000070006670                         0900000000000010000000000000000000000000000000000000000   000000000000000000000021500        180192695911     
0010001300042U 060000000000000000000000000000000000000000000000000000000000000000000000060000000000000057850000000000000000000000000000001012201412122014            000000000000000                              000                           
0010001300043T 060473330000000188204 26959110010038001   1               00000000000000000006000070006670                         0900000000000010000000000000000000000000000000000000000   000000000000000000000021500        180192695911     
0010001300044U 060000000000000000000000000000000000000000000000000000000000000000000000060000000000000057850000000000000000000000000000001012201412122014            000000000000000                              000                           
0010001300045T 060473330000000188204 26959110010045501   1               00000000000000000006000070000780                         0900000000000010000000000000000000000000000000000000000   000000000000000000000021500        180192695911     
0010001300046U 060000000000000000000000000000000000000000000000000000000000000000000000060000000000000057850000000000000000000000000000001012201412122014            000000000000000                              000                           
0010001300047T 060473330000000188204 26959110010049001   1               00000000000000000006000001010227                         0900000000000010000000000000000000000000000000000000000   000000000000000000000021500        180192695911     
0010001300048U 060000000000000000000000000000000000000000000000000000000000000000000000060000000000000057850000000000000000000000000000001012201412122014            000000000000000                              000                           
0010001300049T 060473330000000188204 26959110010049101   1               00000000000000000006000070007760                         0900000000000010000000000000000000000000000000000000000   000000000000000000000021500        180192695911     
0010001300050U 060000000000000000000000000000000000000000000000000000000000000000000000060000000000000057850000000000000000000000000000001012201412122014            000000000000000                              000                           
0010001300051T 060473330000000188204 26959110010052301   1               00000000000000000006000070002120                         0900000000000010000000000000000000000000000000000000000   000000000000000000000021500        180192695911     
0010001300052U 060000000000000000000000000000000000000000000000000000000000000000000000060000000000000057850000000000000000000000000000001012201412122014            000000000000000                              000                           
0010001300053T 060473330000000188204 26959110010063401   1               00000000000000000006000070008410                         0900000000000010000000000000000000000000000000000000000   000000000000000000000021500        180192695911     
0010001300054U 060000000000000000000000000000000000000000000000000000000000000000000000060000000000000057850000000000000000000000000000001012201412122014            000000000000000                              000                           
0010001300055T 060473330000000188204 26959110010066101   1               00000000000000000006000104008630                         0900000000000010000000000000000000000000000000000000000   000000000000000000000021500        180192695911     
0010001300056U 060000000000000000000000000000000000000000000000000000000000000000000000060000000000000057850000000000000000000000000000001012201412122014            000000000000000                              000                           
0010001300057T 060473330000000188204 26959110010074401   1               00000000000000000006000070006670                         0900000000000010000000000000000000000000000000000000000   000000000000000000000021500        180192695911     
0010001300058U 060000000000000000000000000000000000000000000000000000000000000000000000060000000000000057850000000000000000000000000000001012201412122014            000000000000000                              000                           
0010001300059T 060473330000000188204 26959110010074402   1               00000000000000000006000070006670                         0900000000000010000000000000000000000000000000000000000   000000000000000000000021500        180192695911     
0010001300060U 060000000000000000000000000000000000000000000000000000000000000000000000060000000000000057850000000000000000000000000000001012201412122014            000000000000000                              000                           
0010001300061T 060473330000000188204 26959110010078201   1               00000000000000000006000341032120                         0900000000000010000000000000000000000000000000000000000   000000000000000000000021500        180192695911     
0010001300062U 060000000000000000000000000000000000000000000000000000000000000000000000060000000000000057850000000000000000000000000000001012201412122014            000000000000000                              000                           
00100015         000064000000000000000000000000000000000000000000000000000000000000000000000000000000000000000000000000000000000000000000000000000                                                                                              
00199999         000001000066000000                                                                                                                                                            00000000000000000000000000000                    
