00100000         2001082170150600026959110014       0473330000000188204 MITRA ARQUIDIOCESANA DE BRASILBANCO DO BRASIL                         20812201402320000003903000000513146016PROCESSAMEN                                                 
00100011T0100020 20001082170150600026959110014       0473330000000188204 MITRA ARQUIDIOCESANA DE BRASIL                                                                                000000000812201400000000  000000000                      
0010001300001T 060473330000000188204 26959110010003501   1               00000000000000000006000001035742                         0900000000000010000000000000000000000000000000000000000   000000000000000000000021500        180192695911     
0010001300002U 060000000000000000000000000000000000000000000000000000000000000000000000060000000000000057850000000000000000000000000000000812201410122014            000000000000000                              000                           
0010001300003T 060473330000000188204 26959110010004501   1               00000000000000000006000001012734                         0900000000000010000000000000000000000000000000000000000   000000000000000000000021500        180192695911     
0010001300004U 060000000000000000000000000000000000000000000000000000000000000000000000060000000000000057850000000000000000000000000000000812201410122014            000000000000000                              000                           
0010001300005T 060473330000000188204 26959110010007801   1               00000000000000000006000001036005                         0900000000000010000000000000000000000000000000000000000   000000000000000000000021500        180192695911     
0010001300006U 060000000000000000000000000000000000000000000000000000000000000000000000060000000000000057850000000000000000000000000000000812201410122014            000000000000000                              000                           
0010001300007T 060473330000000188204 26959110010015001   1               00000000000000000006000033033280                         0900000000000010000000000000000000000000000000000000000   000000000000000000000021500        180192695911     
0010001300008U 060000000000000000000000000000000000000000000000000000000000000000000000060000000000000057850000000000000000000000000000000812201410122014            000000000000000                              000                           
0010001300009T 060473330000000188204 26959110010018401   1               00000000000000000006000237031480                         0900000000000010000000000000000000000000000000000000000   000000000000000000000021500        180192695911     
0010001300010U 060000000000000000000000000000000000000000000000000000000000000000000000060000000000000057850000000000000000000000000000000812201410122014            000000000000000                              000                           
0010001300011T 060473330000000188204 26959110010024200   1               00000000000000000064200033044060                         0900000000000010000000000000000000000000000000000000000   000000000000000000000021500        180192695911     
0010001300012U 060000000000000000000000000000000000000000000000000000000000000000000000642000000000000639850000000000000000000000000000000812201410122014            000000000000000                              000                           
0010001300013T 060473330000000188204 26959110010027500   1               00000000000000000064200070000580                         0900000000000010000000000000000000000000000000000000000   000000000000000000000021500        180192695911     
0010001300014U 060000000000000000000000000000000000000000000000000000000000000000000000642000000000000639850000000000000000000000000000000812201410122014            000000000000000                              000                           
0010001300015T 060473330000000188204 26959110010029201   1               00000000000000000006000001035971                         0900000000000010000000000000000000000000000000000000000   000000000000000000000021500        180192695911     
0010001300016U 060000000000000000000000000000000000000000000000000000000000000000000000060000000000000057850000000000000000000000000000000812201410122014            000000000000000                              000                           
0010001300017T 060473330000000188204 26959110010030201   1               00000000000000000006000070000580                         0900000000000010000000000000000000000000000000000000000   000000000000000000000021500        180192695911     
0010001300018U 060000000000000000000000000000000000000000000000000000000000000000000000060000000000000057850000000000000000000000000000000812201410122014            000000000000000                              000                           
0010001300019T 060473330000000188204 26959110010030901   1               00000000000000000006000104000040                         0900000000000010000000000000000000000000000000000000000   000000000000000000000021500        180192695911     
0010001300020U 060000000000000000000000000000000000000000000000000000000000000000000000060000000000000057850000000000000000000000000000000812201410122014            000000000000000                              000                           
0010001300021T 060473330000000188204 26959110010042301   1               00000000000000000006000001048828                         0900000000000010000000000000000000000000000000000000000   000000000000000000000021500        180192695911     
0010001300022U 060000000000000000000000000000000000000000000000000000000000000000000000060000000000000057850000000000000000000000000000000812201410122014            000000000000000                              000                           
0010001300023T 060473330000000188204 26959110010042400   1               00000000000000000064800001042676                         0900000000000010000000000000000000000000000000000000000   000000000000000000000021500        180192695911     
0010001300024U 060000000000000000000000000000000000000000000000000000000000000000000000648000000000000645850000000000000000000000000000000812201410122014            000000000000000                              000                           
0010001300025T 060473330000000188204 26959110010043301   1               00000000000000000006000104024270                         0900000000000010000000000000000000000000000000000000000   000000000000000000000021500        180192695911     
0010001300026U 060000000000000000000000000000000000000000000000000000000000000000000000060000000000000057850000000000000000000000000000000812201410122014            000000000000000                              000                           
0010001300027T 060473330000000188204 26959110010045400   1               00000000000000000064800001055603                         0900000000000010000000000000000000000000000000000000000   000000000000000000000021500        180192695911     
0010001300028U 060000000000000000000000000000000000000000000000000000000000000000000000648000000000000645850000000000000000000000000000000812201410122014            000000000000000                              000                           
0010001300029T 060473330000000188204 26959110010058201   1               00000000000000000006000001084352                         0900000000000010000000000000000000000000000000000000000   000000000000000000000021500        180192695911     
0010001300030U 060000000000000000000000000000000000000000000000000000000000000000000000060000000000000057850000000000000000000000000000000812201410122014            000000000000000                              000                           
0010001300031T 060473330000000188204 26959110010065701   1               00000000000000000006000001036021                         0900000000000010000000000000000000000000000000000000000   000000000000000000000021500        180192695911     
0010001300032U 060000000000000000000000000000000000000000000000000000000000000000000000060000000000000057850000000000000000000000000000000812201410122014            000000000000000                              000                           
0010001300033T 060473330000000188204 26959110010070401   1               00000000000000000006000001078018                         0900000000000010000000000000000000000000000000000000000   000000000000000000000021500        180192695911     
0010001300034U 060000000000000000000000000000000000000000000000000000000000000000000000060000000000000057850000000000000000000000000000000812201410122014            000000000000000                              000                           
0010001300035T 060473330000000188204 26959110010073501   1               00000000000000000006000070009990                         0900000000000010000000000000000000000000000000000000000   000000000000000000000021500        180192695911     
0010001300036U 060000000000000000000000000000000000000000000000000000000000000000000000060000000000000057850000000000000000000000000000000812201410122014            000000000000000                              000                           
0010001300037T 060473330000000188204 26959110010073901   1               00000000000000000006000070009990                         0900000000000010000000000000000000000000000000000000000   000000000000000000000021500        180192695911     
0010001300038U 060000000000000000000000000000000000000000000000000000000000000000000000060000000000000057850000000000000000000000000000000812201410122014            000000000000000                              000                           
00100015         000040000000000000000000000000000000000000000000000000000000000000000000000000000000000000000000000000000000000000000000000000000                                                                                              
00199999         000001000042000000                                                                                                                                                            00000000000000000000000000000                    
